@article{coxmann2008,
  title	= {MaxQuant enables high peptide identification rates, individualized p.p.b.-range mass accuracies and proteome-wide protein quantification.},
	author	= {Cox, J\"urgen and Mann, Matthias},
	journal	= {Nature biotechnology},
	journal-iso	= {Nat. Biotechnol.},
	volume	= {26},
	number	= {12},
	year	= {2008},
	month	= {Dec},
	pages	= {1367--72},
	doi	= {10.1038/nbt.1511},
	pmid	= {19029910}
}

@article{ritchie2015,
  doi = {10.1093/nar/gkv007},
  url = {https://doi.org/10.1093/nar/gkv007},
  year  = {2015},
  month = {jan},
  publisher = {Oxford University Press ({OUP})},
  volume = {43},
  number = {7},
  pages = {e47--e47},
  author = {Matthew E. Ritchie and Belinda Phipson and Di Wu and Yifang Hu and Charity W. Law and Wei Shi and Gordon K. Smyth},
  title = {limma powers differential expression analyses for {RNA}-sequencing and microarray studies},
  journal = {Nucleic Acids Research}
}

@Manual{R2018,
  title = {R: A Language and Environment for Statistical Computing},
  author = {{R Core Team}},
  organization = {R Foundation for Statistical Computing},
  address = {Vienna, Austria},
  year = {2018},
  url = {http://www.R-project.org/}
}

% 16219938
@Article{silva2006,
   Author="Silva, J. C.  and Gorenstein, M. V.  and Li, G. Z.  and Vissers, J. P.  and Geromanos, S. J. ",
   Title="{{A}bsolute quantification of proteins by {L}{C}{M}{S}{E}: a virtue of parallel {M}{S} acquisition}",
   Journal="Mol. Cell Proteomics",
   Year="2006",
   Volume="5",
   Number="1",
   Pages="144--156",
   Month="Jan"
}


@article{tyanova2016,
  title={The Perseus computational platform for comprehensive analysis of (prote) omics data},
  author={Tyanova, Stefka and Temu, Tikira and Sinitcyn, Pavel and Carlson, Arthur and Hein, Marco Y and Geiger, Tamar and Mann, Matthias and Cox, J{\"u}rgen},
  journal={Nature methods},
  year={2016},
  publisher={Nature Research}
}

@article{bioconductor2015,
    author = {{Huber} and {W.} and {Carey} and V. J. and {Gentleman} and {R.} and {Anders} and {S.} and {Carlson} and {M.} and {Carvalho} and B. S. and {Bravo} and H. C. and {Davis} and {S.} and {Gatto} and {L.} and {Girke} and {T.} and {Gottardo} and {R.} and {Hahne} and {F.} and {Hansen} and K. D. and {Irizarry} and R. A. and {Lawrence} and {M.} and {Love} and M. I. and {MacDonald} and {J.} and {Obenchain} and {V.} and {{Ole's}} and A. K. and {{Pag`es}} and {H.} and {Reyes} and {A.} and {Shannon} and {P.} and {Smyth} and G. K. and {Tenenbaum} and {D.} and {Waldron} and {L.} and {Morgan} and {M.}},
    title = {{O}rchestrating high-throughput genomic analysis with {B}ioconductor},
    journal = {Nature Methods},
    year = {2015},
    volume = {12},
    number = {2},
    pages = {115--121},
    url = {http://www.nature.com/nmeth/journal/v12/n2/full/nmeth.3252.html},
  }